<?xml version="1.0" encoding="UTF-8"?><collection xmlns="http://www.loc.gov/MARC21/slim"><record><leader>00462nam--2200133-i-4500</leader><controlfield tag="001">000031585</controlfield><controlfield tag="002">20161230</controlfield><controlfield tag="005">20161230201038</controlfield><controlfield tag="008">060222s1000------------r-----000-0-eng-d</controlfield><datafield ind1=" " ind2=" " tag="100"><subfield code="a">Macchi, Romualdo</subfield></datafield><datafield ind1=" " ind2=" " tag="245"><subfield code="a">Un ancoraggio terminale a testa mobile per cavi da strutture  precompresse.publicazioni della facolta d`ingegneria di pisa</subfield></datafield><datafield ind1=" " ind2=" " tag="260"><subfield code="a">Pisa, 9p., 13 Fig</subfield></datafield><datafield ind1=" " ind2=" " tag="490"><subfield code="a">Serie.Extras Din Giornale Del Genio Civile:Fascicolo 2-febbraio 1958</subfield></datafield><datafield ind1=" " ind2=" " tag="852"><subfield code="a">13886</subfield></datafield></record></collection>